<record xmlns="http://www.loc.gov/MARC21/slim" xmlns:xsi="http://www.w3.org/2001/XMLSchema-instance" xsi:schemaLocation="http://www.loc.gov/MARC21/slim http://www.loc.gov/standards/marcxml/schema/MARC21slim.xsd"><leader>00766cz   2200181n  4500</leader><controlfield tag="001">oca00069638 </controlfield><controlfield tag="005">20020301064203.0</controlfield><controlfield tag="008">800721n| acannaab|          |a aaa      </controlfield><datafield ind1=" " ind2=" " tag="010"><subfield code="a">n  50034315 </subfield></datafield><datafield ind1=" " ind2=" " tag="040"><subfield code="a">DLC</subfield><subfield code="c">DLC</subfield><subfield code="d">ICU</subfield><subfield code="d">Uk</subfield></datafield><datafield ind1="1" ind2=" " tag="100"><subfield code="a">Celsus, Aulus Cornelius</subfield></datafield><datafield ind1="1" ind2=" " tag="400"><subfield code="a">Celsus, Aurelius Cornelius</subfield></datafield><datafield ind1="1" ind2=" " tag="400"><subfield code="a">Celsus, Cornelius</subfield></datafield><datafield ind1="1" ind2=" " tag="400"><subfield code="a">Celso, Aulo Cornelio</subfield></datafield><datafield ind1="1" ind2=" " tag="400"><subfield code="a">Celsus, A. Corn.</subfield><subfield code="q">(Aulus Cornelius)</subfield></datafield><datafield ind1=" " ind2=" " tag="670"><subfield code="a">LCCN 07-35631: His Aulus Cornelius Celsus über die arzneiwissenschaft in acht büchern, 1906</subfield><subfield code="b">(hdg.: Celsus, Aulus Cornelius)</subfield></datafield><datafield ind1=" " ind2=" " tag="670"><subfield code="a">LC data base, 12-31-84</subfield><subfield code="b">(hdg.: Celsus, Aulus Cornelius; usage: Auli Cornelii Celsi [in Latin]; Aulo Cornelio Celso; A.C. Celso [in Italian]</subfield></datafield><datafield ind1=" " ind2=" " tag="670"><subfield code="a">His A. Corn. Celsi Medicinae libri octo, 1769.</subfield></datafield></record>